

@techreport{begstraKlop:FixedPointSemantics,
author       = {Bergstra, J. A. and Klop, J. W.},
title        = {Fixed Point Semantics In Process Algebras},
type         = {{CWI} Technical Report},
origin       = {other},
series       = {Stichting Mathematisch Centrum. Informatica},
pages        = {1 - 21},
year         = {1982},
institution  = {Stichting Mathematisch Centrum. Informatica-IW 206/82},
publisher    = {Stichting Mathematisch Centrum},
size         = {21p.},
group        = {AI},
language     = {en},
url          = {http://oai.cwi.nl/oai/asset/6750/6750A.pdf},

}
